<?xml version="1.0" encoding="UTF-8"?><collection xmlns="http://www.loc.gov/MARC21/slim"><record><leader>00421nam--2200133-i-4500</leader><controlfield tag="001">000010340</controlfield><controlfield tag="002">20161230</controlfield><controlfield tag="005">20161230201028</controlfield><controlfield tag="008">060222s1000------------r-----000-0-eng-d</controlfield><datafield ind1=" " ind2=" " tag="100"><subfield code="a">Berfeld, Marvin And Cook, Charles E</subfield></datafield><datafield ind1=" " ind2=" " tag="245"><subfield code="a">Radar signals. an introduction to theory and application</subfield></datafield><datafield ind1=" " ind2=" " tag="260"><subfield code="a">New York, Academic Press, 1967 Xvi + 531 P</subfield></datafield><datafield ind1=" " ind2=" " tag="490"><subfield code="a">Electrical Science. A Series Of Monographs Tex Ts</subfield></datafield><datafield ind1=" " ind2=" " tag="852"><subfield code="a">37552</subfield></datafield></record></collection>